<?xml version="1.0" encoding="UTF-8"?><collection xmlns="http://www.loc.gov/MARC21/slim"><record><leader>00342nam--2200133-i-4500</leader><controlfield tag="001">000006439</controlfield><controlfield tag="002">20161230</controlfield><controlfield tag="005">20161230201026</controlfield><controlfield tag="008">060222s1000------------r-----000-0-eng-d</controlfield><datafield ind1=" " ind2=" " tag="100"><subfield code="a">Bangert, Rolf</subfield></datafield><datafield ind1=" " ind2=" " tag="245"><subfield code="a">Eine neue synthese des oxazols</subfield></datafield><datafield ind1=" " ind2=" " tag="260"><subfield code="a">Stuttgart, Technische Hochschule, 1963. 64 P</subfield></datafield><datafield ind1=" " ind2=" " tag="490"><subfield code="a">Teza De Docrorat</subfield></datafield><datafield ind1=" " ind2=" " tag="852"><subfield code="a">19074</subfield></datafield></record></collection>